@unpublished{Munn:2010,
	author = "Munn, Alan",
	title = "{gb4e-emulate.sty}",
	url = "https://github.com/semprag/tex/blob/master/gb4e-emulate.sty",
	year = "2010"
}

@misc{Sanders:2014,
	author = "Sanders, Nathan",
	title = "{Documentation for the OTtablx Package}",
	url = "http://sanders.phonologist.org/OTtablx/OTtablx-doc.pdf",
	year = "2014"
}

@article{LaCara:2016,
	author = "LaCara, Nicholas",
	journal = "Proceedings of the Linguistic Society of America",
	keywords = "chain reduction; remnant movement; copy theory of movement; head movement; conflation; syntax-morphology interface",
	pages = "17:1--14",
	title = "{Verb phrase movement as a window into head movement}",
	volume = "1",
	year = "2016"
}

@book{Bringhurst:2008,
	address = "Vancouver",
	author = "Bringhurst, Robert",
	edition = "3.2",
	publisher = "Hartley \& Marks",
	title = "The {E}lements of {T}ypographic {S}tyle",
	year = "2008"
}

@misc{Leipzig,
	author = "Comrie, Bernard and Haspelmath, Martin and Bickel, Balthasar",
	school = "Max Planck Institute/University of Leipzig",
	title = "The {L}eipzig Glossing Rules: Conventions for interlinear morpheme-by-morpheme glosses",
	url = "https://www.eva.mpg.de/lingua/resources/glossing-rules.php",
	year = "2015"
}

